

@misc{GameAccesibilityASurvey,
    url = {https://link.springer.com/article/10.1007/s10209-010-0189-5}, 
    title = {Game accessibility: a survey},
    year = {2010},
    author = {Bei Yuan},
}

@misc{AccessInVidya,
    url = {https://link.springer.com/article/10.1007/s10209-018-0628-2}, 
    title = {Accessibility in video games: a systematic review},
    year = {2018},
    author = {Juan Aguado-Delgado},
}

@misc{IGDA,
    url = {https://g3ict.org/publication/igda-accessibility-in-games-motivations-and-approaches}, 
    title = {IGDA Accessibility in Games: Motivations and Approaches},
    year = {2004},
    author = {Kevin Bierre},
}

@misc{ComputerandVideoGameAddiction,
    url = {https://link.springer.com/article/10.1007/s10209-010-0189-5}, 
    title = {Game accessibility: a survey},
    year = {2010},
    author = {Bei Yuan},
    
}

@misc{SymptomsMechanismsAndTreatments,
    url = {https://link.springer.com/article/10.1007/s10209-010-0189-5}, 
    title = {Game accessibility: a survey},
    year = {2010},
    author = {Bei Yuan},
}

@misc{AthleticInjuriesOfWristAndHand,
    url = {https://doi.org/10.1177/0363546503261422}, 
    title = {Athletic Injuries of the Wrist and Hand: Part II: Overuse Injuries of the Wrist and Traumatic Injuries to the Hand},
    year = {2004},
    author = {Arthur Rettig},
}

@misc{DSM5,
    title = {Diagnostic and Statistical Manual of Mental Disorders (5th ed.)},
    year = {2013},
    author = {American Psychiatric Association},
}

@misc{InternetGaming,
    url = {https://www.psychiatry.org/patients-families/internet-gaming}, 
    title = {Internet Gaming},
    year = {2023},
    author = {James Sherer},
}

@misc{DopamineAndAddiction,
    url = {https://www.annualreviews.org/content/journals/10.1146/annurev-psych-010418-103337}, 
    title = {Dopamine and Addiction},
    year = {2020},
    author = {Mykel Robble},
}

@misc{NoMoreCases,
    url = {https://www.pcgamer.com/csgo-players-in-belgium-and-the-netherlands-can-no-longer-open-loot-cases/}, 
    title = {CS:GO players in Belgium and the Netherlands can no longer open loot cases},
    year = {2018},
    author = {Andy Chalk},
}

@misc{CSGambling,
    url = {https://www.barrons.com/articles/counter-strike-csgo-skins-gambling-gateway-videogames-b21ceef0}, 
    title = {Counter-Strike Is One of the Worldâ€™s Most Successful Videogames. How It Also Became a Gateway to Gambling.},
    year = {2024},
    author = {Nick Devor},
}